<record><leader>00000cas a22000007a 4500</leader><controlfield tag="001">35230875</controlfield><controlfield tag="008">960813d19071912okuwr n       0    0eng d</controlfield><datafield ind1=" " ind2=" " tag="010"><subfield code="a">sn 96093881 </subfield></datafield><datafield ind1=" " ind2=" " tag="040"><subfield code="a">OBN</subfield><subfield code="b">eng</subfield><subfield code="c">OBN</subfield><subfield code="d">OCLCQ</subfield><subfield code="d">OCLCO</subfield></datafield><datafield ind1="1" ind2=" " tag="029"><subfield code="a">AU@</subfield><subfield code="b">000012746224</subfield></datafield><datafield ind1=" " ind2=" " tag="042"><subfield code="a">msc</subfield></datafield><datafield ind1=" " ind2=" " tag="043"><subfield code="a">n-us-ok</subfield></datafield><datafield ind1="0" ind2=" " tag="130"><subfield code="a">Alfalfa County news (Carmen, Okla. : 1907)</subfield></datafield><datafield ind1="1" ind2="0" tag="245"><subfield code="a">Alfalfa County news.</subfield></datafield><datafield ind1=" " ind2=" " tag="260"><subfield code="a">Carmen, Okla. :</subfield><subfield code="b">P.B. Watrus</subfield></datafield><datafield ind1=" " ind2=" " tag="300"><subfield code="a">v.</subfield></datafield><datafield ind1=" " ind2=" " tag="310"><subfield code="a">Weekly</subfield></datafield><datafield ind1="0" ind2=" " tag="362"><subfield code="a">Vol. 9, no. 45 (Nov. 1, 1907)-v. 14, no. 47 (Nov. 22, 1912).</subfield></datafield><datafield ind1=" " ind2=" " tag="580"><subfield code="a">Issued with: Carmen headlight, Oct. 25-Nov. 22, 1912.</subfield></datafield><datafield ind1=" " ind2="0" tag="651"><subfield code="a">Carmen (Okla.)</subfield><subfield code="v">Newspapers.</subfield></datafield><datafield ind1=" " ind2="0" tag="651"><subfield code="a">Alfalfa County (Okla.)</subfield><subfield code="v">Newspapers.</subfield></datafield><datafield ind1=" " ind2=" " tag="752"><subfield code="a">United States</subfield><subfield code="b">Oklahoma</subfield><subfield code="c">Alfalfa</subfield><subfield code="d">Carmen.</subfield></datafield><datafield ind1="0" ind2=" " tag="777"><subfield code="t">Carmen headlight (Carmen, Okla.)</subfield><subfield code="w">(DLC)sn 96093883</subfield><subfield code="w">(OCoLC)35231153</subfield></datafield><datafield ind1="0" ind2="0" tag="780"><subfield code="t">Woods County news</subfield><subfield code="w">(DLC)sn 96093880</subfield><subfield code="w">(OCoLC)35230800</subfield></datafield><datafield ind1="0" ind2="4" tag="785"><subfield code="t">Carmen headlight (Carmen, Okla.)</subfield><subfield code="w">(DLC)sn 96093883</subfield><subfield code="w">(OCoLC)35231153</subfield></datafield></record>